@inproceedings{iLQR_tassa2012,
  title={Synthesis and stabilization of complex behaviors through online trajectory optimization},
  author={Tassa, Yuval and Erez, Tom and Todorov, Emanuel},
  booktitle={2012 IEEE/RSJ International Conference on Intelligent Robots and Systems},
  pages={4906--4913},
  year={2012},
  organization={IEEE}
}

@inproceedings{iLQR_tassa2014,
  title={Control-limited differential dynamic programming},
  author={Tassa, Yuval and Mansard, Nicolas and Todorov, Emo},
  booktitle={2014 IEEE International Conference on Robotics and Automation (ICRA)},
  pages={1168--1175},
  year={2014},
  organization={IEEE}
}


@misc{iLQR_paper,
  author = {Jackson, Brian},
  title = {{AL-iLQR Tutorial}},
  year = {2019},
  publisher = {GitHub},
  journal = {GitHub Documents},
  howpublished = {\url{https://bjack205.github.io/papers/AL_iLQR_Tutorial.pdf}}
}

@INPROCEEDINGS{iLQR_Zachary2016, 
author={Z. {Manchester} and S. {Kuindersma}}, 
booktitle={2016 IEEE 55th Conference on Decision and Control (CDC)},   
title={Derivative-free trajectory optimization with unscented dynamic programming},   
year={2016},  
volume={},  
number={},  
pages={3642-3647},  
doi={10.1109/CDC.2016.7798817}}

@inproceedings{iLQR_Li2004,
  title={Iterative linear quadratic regulator design for nonlinear biological movement systems.},
  author={Li, Weiwei and Todorov, Emanuel}
},

@INPROCEEDINGS{car,
  author={J. {Chen} and W. {Zhan} and M. {Tomizuka}},
  booktitle={2017 IEEE 20th International Conference on Intelligent Transportation Systems (ITSC)}, 
  title={Constrained iterative LQR for on-road autonomous driving motion planning}, 
  year={2017},
  volume={},
  number={},
  pages={1-7},
  doi={10.1109/ITSC.2017.8317745}
  },
  
  
  @book{kirk2004optimal,
  title={Optimal control theory: an introduction},
  author={Kirk, Donald E},
  year={2004},
  publisher={Courier Corporation}
},


@article{TPGMM_calinon2016,
  title={A tutorial on task-parameterized movement learning and retrieval},
  author={Calinon, Sylvain},
  journal={Intelligent service robotics},
  volume={9},
  number={1},
  pages={1--29},
  year={2016},
  publisher={Springer}
}


@inproceedings{schreiber2010fast,
  title={The fast research interface for the kuka lightweight robot},
  author={Schreiber, G{\"u}nter and Stemmer, Andreas and Bischoff, Rainer},
  booktitle={IEEE Workshop on Innovative Robot Control Architectures for Demanding (Research) Applications How to Modify and Enhance Commercial Controllers (ICRA 2010)},
  pages={15--21},
  year={2010},
  organization={Citeseer}
},

@article{dit2017runge,
  title={Runge-Kutta theory and constraint programming},
  author={dit Sandretto, Julien Alexandre},
  journal={Reliable Computing},
  volume={25},
  pages={178--201},
  year={2017}
},


@inproceedings{park2012multi,
  title={Multi-objective evolutionary algorithm-based optimal posture control of humanoid robots},
  author={Park, In-Won and Lee, Ki-Baek and Kim, Jong-Hwan},
  booktitle={2012 IEEE Congress on Evolutionary Computation},
  pages={1--7},
  year={2012},
  organization={IEEE}
}

@article{chai2014root,
  title={Root mean square error (RMSE) or mean absolute error (MAE)?--Arguments against avoiding RMSE in the literature},
  author={Chai, Tianfeng and Draxler, Roland R},
  journal={Geoscientific model development},
  volume={7},
  number={3},
  pages={1247--1250},
  year={2014},
  publisher={Copernicus GmbH}
},

@article{fitzpatrick2006another,
  title={Another look at pedestrian walking speed},
  author={Fitzpatrick, Kay and Brewer, Marcus A and Turner, Shawn},
  journal={Transportation research record},
  volume={1982},
  number={1},
  pages={21--29},
  year={2006},
  publisher={SAGE Publications Sage CA: Los Angeles, CA}
},

@article{khan2019retraining,
  title={Retraining walking over ground in a powered exoskeleton after spinal cord injury: a prospective cohort study to examine functional gains and neuroplasticity},
  author={Khan, Atif S and Livingstone, Donna C and Hurd, Caitlin L and Duchcherer, Jennifer and Misiaszek, John E and Gorassini, Monica A and Manns, Patricia J and Yang, Jaynie F},
  journal={Journal of neuroengineering and rehabilitation},
  volume={16},
  number={1},
  pages={1--17},
  year={2019},
  publisher={Springer}
}


@article{martinez2017controller,
  title={A controller for guiding leg movement during overground walking with a lower limb exoskeleton},
  author={Mart{\'\i}nez, Andr{\'e}s and Lawson, Brian and Goldfarb, Michael},
  journal={IEEE Transactions on Robotics},
  volume={34},
  number={1},
  pages={183--193},
  year={2017},
  publisher={IEEE}
},

@inproceedings{huo2016active,
  title={Active impedance control of a lower limb exoskeleton to assist sit-to-stand movement},
  author={Huo, Weiguang and Mohammed, Samer and Amirat, Yacine and Kong, Kyoungchul},
  booktitle={2016 IEEE International Conference on Robotics and Automation (ICRA)},
  pages={3530--3536},
  year={2016},
  organization={Ieee}
},

@article{vantilt2019model,
  title={Model-based control for exoskeletons with series elastic actuators evaluated on sit-to-stand movements},
  author={Vantilt, Jonas and Tanghe, Kevin and Afschrift, Maarten and Bruijnes, Amber KBD and Junius, Karen and Geeroms, Joost and Aertbeli{\"e}n, Erwin and De Groote, Friedl and Lefeber, Dirk and Jonkers, Ilse and others},
  journal={Journal of neuroengineering and rehabilitation},
  volume={16},
  number={1},
  pages={1--21},
  year={2019},
  publisher={BioMed Central}
}