  @inproceedings{ha2012enhancing,
  title={Enhancing stance phase propulsion during level walking by combining FES with a powered exoskeleton for persons with paraplegia},
  author={Ha, Kevin H and Quintero, Hugo A and Farris, Ryan J and Goldfarb, Michael},
  booktitle={2012 Annual International Conference of the IEEE Engineering in Medicine and Biology Society},
  pages={344--347},
  year={2012},
  organization={IEEE}
},

 
 
 @article{esquenazi2012rewalk,
  title={The ReWalk powered exoskeleton to restore ambulatory function to individuals with thoracic-level motor-complete spinal cord injury},
  author={Esquenazi, Alberto and Talaty, Mukul and Packel, Andrew and Saulino, Michael},
  journal={American journal of physical medicine \& rehabilitation},
  volume={91},
  number={11},
  pages={911--921},
  year={2012},
  publisher={LWW}
},

@article{jezernik2003robotic,
  title={Robotic orthosis lokomat: A rehabilitation and research tool},
  author={Jezernik, Sa{\v{s}}o and Colombo, Gery and Keller, Thierry and Frueh, Hansruedi and Morari, Manfred},
  journal={Neuromodulation: Technology at the neural interface},
  volume={6},
  number={2},
  pages={108--115},
  year={2003},
  publisher={Wiley Online Library}
},



@article{jezernik2003robotic,
  title={Robotic orthosis lokomat: A rehabilitation and research tool},
  author={Jezernik, Sa{\v{s}}o and Colombo, Gery and Keller, Thierry and Frueh, Hansruedi and Morari, Manfred},
  journal={Neuromodulation: Technology at the neural interface},
  volume={6},
  number={2},
  pages={108--115},
  year={2003},
  publisher={Wiley Online Library}
},

@article{shi2019review,
  title={A review on lower limb rehabilitation exoskeleton robots},
  author={Shi, Di and Zhang, Wuxiang and Zhang, Wei and Ding, Xilun},
  journal={Chinese Journal of Mechanical Engineering},
  volume={32},
  number={1},
  pages={74},
  year={2019},
  publisher={Springer}
},

@article{veneman2007design,
  title={Design and evaluation of the LOPES exoskeleton robot for interactive gait rehabilitation},
  author={Veneman, Jan F and Kruidhof, Rik and Hekman, Edsko EG and Ekkelenkamp, Ralf and Van Asseldonk, Edwin HF and Van Der Kooij, Herman},
  journal={IEEE Transactions on Neural Systems and Rehabilitation Engineering},
  volume={15},
  number={3},
  pages={379--386},
  year={2007},
  publisher={IEEE}
},

@inproceedings{gasser2017design,
  title={Design and preliminary assessment of Vanderbilt hand exoskeleton},
  author={Gasser, Benjamin W and Bennett, Daniel A and Durrough, Christina M and Goldfarb, Michael},
  booktitle={2017 International Conference on Rehabilitation Robotics (ICORR)},
  pages={1537--1542},
  year={2017},
  organization={IEEE}
},

@inproceedings{chu2005biomimetic,
  title={On the biomimetic design of the berkeley lower extremity exoskeleton (BLEEX)},
  author={Chu, Andrew and Kazerooni, Hami and Zoss, Adam},
  booktitle={Proceedings of the 2005 IEEE international conference on robotics and automation},
  pages={4345--4352},
  year={2005},
  organization={IEEE}
},


@article{zoss2006biomechanical,
  title={Biomechanical design of the Berkeley lower extremity exoskeleton (BLEEX)},
  author={Zoss, Adam B and Kazerooni, Hami and Chu, Andrew},
  journal={IEEE/ASME Transactions on mechatronics},
  volume={11},
  number={2},
  pages={128--138},
  year={2006},
  publisher={IEEE}
},

@inproceedings{zoss2005mechanical,
  title={On the mechanical design of the Berkeley Lower Extremity Exoskeleton (BLEEX)},
  author={Zoss, Adam and Kazerooni, Hami and Chu, Andrew},
  booktitle={2005 IEEE/RSJ international conference on intelligent robots and systems},
  pages={3465--3472},
  year={2005},
  organization={IEEE}
}

@article{zeilig2012safety,
  title={Safety and tolerance of the ReWalkâ„¢ exoskeleton suit for ambulation by people with complete spinal cord injury: a pilot study},
  author={Zeilig, Gabi and Weingarden, Harold and Zwecker, Manuel and Dudkiewicz, Israel and Bloch, Ayala and Esquenazi, Alberto},
  journal={The journal of spinal cord medicine},
  volume={35},
  number={2},
  pages={96--101},
  year={2012},
  publisher={Taylor \& Francis}
},


@article{wolff2014survey,
  title={A survey of stakeholder perspectives on exoskeleton technology},
  author={Wolff, Jamie and Parker, Claire and Borisoff, Jaimie and Mortenson, W Ben and Mattie, Johanne},
  journal={Journal of neuroengineering and rehabilitation},
  volume={11},
  number={1},
  pages={169},
  year={2014},
  publisher={Springer}
},

@article{welage2011wheelchair,
  title={Wheelchair accessibility of public buildings: a review of the literature},
  author={Welage, Nandana and Liu, Karen PY},
  journal={Disability and Rehabilitation: Assistive Technology},
  volume={6},
  number={1},
  pages={1--9},
  year={2011},
  publisher={Taylor \& Francis}
},


@article{bortole2015h2,
  title={The H2 robotic exoskeleton for gait rehabilitation after stroke: early findings from a clinical study},
  author={Bortole, Magdo and Venkatakrishnan, Anusha and Zhu, Fangshi and Moreno, Juan C and Francisco, Gerard E and Pons, Jose L and Contreras-Vidal, Jose L},
  journal={Journal of neuroengineering and rehabilitation},
  volume={12},
  number={1},
  pages={54},
  year={2015},
  publisher={Springer}
},


@article{aliman2017design,
  title={Design and development of lower limb exoskeletons: A survey},
  author={Aliman, Norazam and Ramli, Rizauddin and Haris, Sallehuddin Mohamed},
  journal={Robotics and Autonomous Systems},
  volume={95},
  pages={102--116},
  year={2017},
  publisher={Elsevier}
},

@article{chen2016recent,
  title={Recent developments and challenges of lower extremity exoskeletons},
  author={Chen, Bing and Ma, Hao and Qin, Lai-Yin and Gao, Fei and Chan, Kai-Ming and Law, Sheung-Wai and Qin, Ling and Liao, Wei-Hsin},
  journal={Journal of Orthopaedic Translation},
  volume={5},
  pages={26--37},
  year={2016},
  publisher={Elsevier}
},

@article{mertz2012next,
  title={The next generation of exoskeletons: lighter, cheaper devices are in the works},
  author={Mertz, Leslie},
  journal={IEEE pulse},
  volume={3},
  number={4},
  pages={56--61},
  year={2012},
  publisher={IEEE}
},

@misc{zoss2016human,
  title={Human machine interface for human exoskeleton},
  author={Zoss, Adam and Strausser, Katherine and Swift, Tim and Angold, Russ and Burns, Jon and Kazerooni, Homayoon and Fairbanks, Dylan and Harding, Nathan},
  year={2016},
  month=mar # "~29",
  publisher={Google Patents},
  note={US Patent 9,295,604}
},

@inproceedings{gardner2017review,
  title={A review of commercially available exoskeletons' capabilities},
  author={Gardner, Amy D and Potgieter, Johan and Noble, Frazer K},
  booktitle={2017 24th International Conference on Mechatronics and Machine Vision in Practice (M2VIP)},
  pages={1--5},
  year={2017},
  organization={IEEE}
},


 @misc{nichols_2018, 
 title={The worker in the robot suit: New industrial orders reignite exoskeleton interest}, url={https://www.zdnet.com/article/the-worker-in-the-robot-suit-new-industrial-orders-reignite-exoskeleton-interest/}, journal={ZDNet}, 
 publisher={ZDNet}, 
 author={Nichols, Greg}, 
 year={2018}, 
 month={Aug}
 } 
 
 @inproceedings{farris2009design,
  title={Design and simulation of a joint-coupled orthosis for regulating FES-aided gait},
  author={Farris, Ryan J and Quintero, Hugo A and Withrow, Thomas J and Goldfarb, Michael},
  booktitle={2009 IEEE International Conference on Robotics and Automation},
  pages={1916--1922},
  year={2009},
  organization={IEEE}
},
@article{elliott2014design,
  title={Design of a clutch--spring knee exoskeleton for running},
  author={Elliott, Grant and Marecki, Andrew and Herr, Hugh},
  journal={Journal of Medical Devices},
  volume={8},
  number={3},
  pages={031002},
  year={2014},
  publisher={American Society of Mechanical Engineers}
},

@Article{RussellEsposito2018,
author={Russell Esposito, Elizabeth
and Schmidtbauer, Kelly A.
and Wilken, Jason M.},
title={Experimental comparisons of passive and powered ankle-foot orthoses in individuals with limb reconstruction},
journal={Journal of NeuroEngineering and Rehabilitation},
year={2018},
volume={15},
number={1},
pages={111},
abstract={Ankle-foot orthoses (AFO) are commonly prescribed to provide functional assistance for patients with lower limb injuries or weakness. Their passive mechanical elements can provide some energy return to improve walking ability, but cannot restore plantar flexor push-off. Powered AFOs provide an assistive torque about the ankle to address the limitations of passive devices, but current designs have yet to be implemented on a large scale clinically. Purpose: To compare passive AFOs to a new untethered, powered AFO design in a clinical population with lower limb reconstruction.},
issn={1743-0003},
doi={10.1186/s12984-018-0455-y},
url={https://doi.org/10.1186/s12984-018-0455-y}
}

@INPROCEEDINGS{DAFO_ForceSensingSole_6936482, author={M. N. A. {Ab Patar} and A. F. {Said} and J. {Mahmud} and A. P. P. {Abdul Majeed} and M. A. {Razman}}, booktitle={2014 International Symposium on Technology Management and Emerging Technologies}, title={System integration and control of Dynamic Ankle Foot Orthosis for lower limb rehabilitation}, year={2014}, volume={}, number={}, pages={82-85},
},

@inbook{PAFO,
author = {Ahmad Sharbafi, Maziar and Lee, David and Sugar, Thomas and Ward, Jeffrey and Hollander, Kevin and Hosoda, Koh and Seyfarth, Andre},
year = {2017},
month = {11},
pages = {623-657},
title = {Conclusion},
isbn = {9780128037669},
journal = {Bioinspired Legged Locomotion},
doi = {10.1016/B978-0-12-803766-9.00012-9}
}

@article{pneumaticAFO2009,
author = {Chin, Robin and Hsiao-Wecksler, Elizabeth and Loth, Eric and Kogler, Geza and Manwaring, Scott and Tyson, Serena and Shorter, Kenneth and Gilmer, Joel},
year = {2009},
month = {07},
pages = {19},
title = {A pneumatic power harvesting ankle-foot orthosis to prevent foot-drop},
volume = {6},
journal = {Journal of neuroengineering and rehabilitation},
doi = {10.1186/1743-0003-6-19}
},

@article{actAFOFricCTRL,
    title={Active AFO with Ankle Joint Brake Friction Control using Force Observer},
    author={Yoshizawa, Nobuyuki},
    year={2012},
    month={September},
    day={1},
    doi={10.1109/EMBC.2012.6346324},
    isbn={978-1-4577-1787-1}
},

@INPROCEEDINGS{poweredAFOChina2012_6308213,
author={Y. {Bai} and F. {Li} and J. {Zhao} and J. {Li} and F. {Jin} and X. {Gao}},
booktitle={2012 IEEE International Conference on Automation and Logistics},
title={A powered ankle-foot orthoses for ankle rehabilitation},
year={2012},
volume={},
number={},
pages={288-293},
keywords={electric motors;gait analysis;injuries;medical control systems;orthotics;patient rehabilitation;powered ankle-foot orthoses;ankle rehabilitation training;ankle joint injuries;post stroke hemiplegia;ankle dorsiflexion assistant;ankle plantar flexion assistant;electric motor;orthoses mechanical structure;wearing parts;ankle joint hinged part;driving unit;transmission mechanism;sensing units;ankle moment-angle relationship;ankle-foot dynamics model;human walking gait;Foot;Joints;Force;Legged locomotion;Muscles;Brushless DC motors;Dynamics;Ankle-foot orthoses;Mechanical design;Dynamics analysis;gait planning},
doi={10.1109/ICAL.2012.6308213},
ISSN={2161-8151},
month={Aug},},



@INPROCEEDINGS{staticAFO_6610673,
author={J. {Chern} and H. {Chang} and C. {Lung} and C. {Wu} and S. F. {Tang}},
booktitle={2013 35th Annual International Conference of the IEEE Engineering in Medicine and Biology Society (EMBC)},
title={Static ankle-foot orthosis improves static balance and gait functions in hemiplegic patients after stroke},
year={2013},
volume={},
number={},
pages={5009-5012},
keywords={gait analysis;mechanoception;medical control systems;orthotics;gait function;hemiplegic patients;static anterior ankle-foot orthosis;static posterior ankle-foot orthosis;static balance control;dynamic balance control;AAFO;PAFO;static standing condition;bilateral limb loading symmetry;medial-lateral weight shifting;roll-over shape;level walking;stroke patients;rocker systems;ambulation;Footwear;Legged locomotion;Foot;Stability analysis;Analysis of variance;Loading;Shape;Adult;Aged;Ankle;Ankle Joint;Automatic Data Processing;Body Weight;Braces;Computer Simulation;Equipment Design;Female;Foot;Foot Orthoses;Gait;Humans;Image Processing, Computer-Assisted;Male;Middle Aged;Paresis;Postural Balance;Pressure;Shoes;Stroke;Walking},
doi={10.1109/EMBC.2013.6610673},
ISSN={1558-4615},
month={July},},


@INPROCEEDINGS{poweredAFOChina2012_6308213,
author={Y. {Bai} and F. {Li} and J. {Zhao} and J. {Li} and F. {Jin} and X. {Gao}},
booktitle={2012 IEEE International Conference on Automation and Logistics},
title={A powered ankle-foot orthoses for ankle rehabilitation},
year={2012},
volume={},
number={},
pages={288-293},
keywords={electric motors;gait analysis;injuries;medical control systems;orthotics;patient rehabilitation;powered ankle-foot orthoses;ankle rehabilitation training;ankle joint injuries;post stroke hemiplegia;ankle dorsiflexion assistant;ankle plantar flexion assistant;electric motor;orthoses mechanical structure;wearing parts;ankle joint hinged part;driving unit;transmission mechanism;sensing units;ankle moment-angle relationship;ankle-foot dynamics model;human walking gait;Foot;Joints;Force;Legged locomotion;Muscles;Brushless DC motors;Dynamics;Ankle-foot orthoses;Mechanical design;Dynamics analysis;gait planning},
doi={10.1109/ICAL.2012.6308213},
ISSN={2161-8151},
month={Aug},},

@ARTICLE{8110705,
  author={A. {MartÃ­nez} and B. {Lawson} and M. {Goldfarb}},
  journal={IEEE Transactions on Robotics}, 
  title={A Controller for Guiding Leg Movement During Overground Walking With a Lower Limb Exoskeleton}, 
  year={2018},
  volume={34},
  number={1},
  pages={183-193},
  doi={10.1109/TRO.2017.2768035}
  },
  
  
  @inproceedings{banala2007active,
  title={Active Leg Exoskeleton (ALEX) for gait rehabilitation of motor-impaired patients},
  author={Banala, Sai K and Agrawal, Suni K and Scholz, John P},
  booktitle={2007 IEEE 10th international conference on rehabilitation robotics},
  pages={401--407},
  year={2007},
  organization={IEEE}
},


@ARTICLE{5462998,
  author={J. L. {Pons}},
  journal={IEEE Engineering in Medicine and Biology Magazine}, 
  title={Rehabilitation Exoskeletal Robotics}, 
  year={2010},
  volume={29},
  number={3},
  pages={57-63},
  doi={10.1109/MEMB.2010.936548}}
  
  
  @ARTICLE{lopes,
  author={G. {Zhao} and M. {Ahmad Sharbafi} and M. {Vlutters} and E. {van Asseldonk} and A. {Seyfarth}},
  journal={IEEE Transactions on Neural Systems and Rehabilitation Engineering}, 
  title={Bio-Inspired Balance Control Assistance Can Reduce Metabolic Energy Consumption in Human Walking}, 
  year={2019},
  volume={27},
  number={9},
  pages={1760-1769},
  doi={10.1109/TNSRE.2019.2929544}},
  
  
  
@article{cost,
  title={Lower-limb exoskeletons: Research trends and regulatory guidelines in medical and non-medical applications},
  author={Rupal, Baltej Singh and Rafique, Sajid and Singla, Ashish and Singla, Ekta and Isaksson, Magnus and Virk, Gurvinder Singh},
  journal={International Journal of Advanced Robotic Systems},
  volume={14},
  number={6},
  pages={1729881417743554},
  year={2017},
  publisher={Sage Publications Sage UK: London, England}
}

@article{rupal2017lower,
  title={Lower-limb exoskeletons: Research trends and regulatory guidelines in medical and non-medical applications},
  author={Rupal, Baltej Singh and Rafique, Sajid and Singla, Ashish and Singla, Ekta and Isaksson, Magnus and Virk, Gurvinder Singh},
  journal={International Journal of Advanced Robotic Systems},
  volume={14},
  number={6},
  pages={1729881417743554},
  year={2017},
  publisher={Sage Publications Sage UK: London, England}
},