@misc{DTK2014,
  title={DynamicistToolKit: Version 0.3.5},
  url={http://dx.doi.org/10.5281/zenodo.13253},
  DOI={10.5281/zenodo.13253},
  publisher={ZENODO},
  author={Jason K. Moore and Christopher Dembia},
  year={2014}
  },
  
  @misc{GATK2014,
  title={GaitAnalysisToolKit: Version 0.1.2},
  url={http://dx.doi.org/10.5281/zenodo.13159},
  DOI={10.5281/zenodo.13159}, publisher={ZENODO},
  author={Jason K. Moore and Nwanna, Obinna and Hnat, Sandra K. and van den Bogert, Antonie},
  year={2014}
  },
  
  
  @article{aristidou2013real,
  title={Real-time marker prediction and CoR estimation in optical motion capture},
  author={Aristidou, Andreas and Lasenby, Joan},
  journal={The Visual Computer},
  volume={29},
  number={1},
  pages={7--26},
  year={2013},
  publisher={Springer}
},

@article{li2010bolero,
  title={Bolero: a principled technique for including bone length constraints in motion capture occlusion filling},
  author={Li, Lei and McCann, James and Pollard, Nancy and Faloutsos, Christos},
  year={2010},
  publisher={Carnegie Mellon University}
},

@inproceedings{piazza2009towards,
  title={Towards solving the missing marker problem in realtime motion capture},
  author={Piazza, Tommaso and Lundstro{\"{}} m, Johan and Hugestrand, Alexander and Kunz, Andreas and Fjeld, Morten},
  booktitle={International Design Engineering Technical Conferences and Computers and Information in Engineering Conference},
  volume={48999},
  pages={1521--1526},
  year={2009}
},


@article{kobetic2009development,
  title={Development of hybrid orthosis for standing, walking, and stair climbing after spinal cord injury.},
  author={Kobetic, Rudi and To, Curtis S and Schnellenberger, John R and Audu, Musa L and Bulea, Thomas C and Gaudio, Richard and Pinault, Gilles and Tashman, Scott and Triolo, Ronald J},
  journal={Journal of Rehabilitation Research \& Development},
  volume={46},
  number={3},
  year={2009}
},

@article{cutler2015using,
  title={Using Peak Vicon data to drive Classic JACK animation for the comparison of low back loads experienced during para-rowing},
  author={Cutler, Bradley and Merritt, Thomas and Eger, Tammy and Godwin, Alison},
  journal={International Journal of Human Factors Modelling and Simulation},
  volume={5},
  number={2},
  pages={99--112},
  year={2015},
  publisher={Inderscience Publishers (IEL)}
},

@article{lauer2005application,
  title={Application of a neuro-fuzzy network for gait event detection using electromyography in the child with cerebral palsy},
  author={Lauer, Richard T and Smith, Brian T and Betz, Randal R},
  journal={IEEE Transactions on Biomedical Engineering},
  volume={52},
  number={9},
  pages={1532--1540},
  year={2005},
  publisher={IEEE}
},


@article{hicks2011lower,
  title={Lower extremity joint kinematics during stair climbing in knee osteoarthritis},
  author={Hicks-Little, Charlie A and Peindl, Richard D and Hubbard, Tricia J and Scannell, Brian P and Springer, Bryan D and Odum, Susan M and Fehring, Thomas K and Cordova, Mitchell L},
  journal={Medicine \& Science in Sports \& Exercise},
  volume={43},
  number={3},
  pages={516--524},
  year={2011},
  publisher={LWW}
},

@inproceedings{ott2008motion,
  title={Motion capture based human motion recognition and imitation by direct marker control},
  author={Ott, Christian and Lee, Dongheui and Nakamura, Yoshihiko},
  booktitle={Humanoids 2008-8th IEEE-RAS International Conference on Humanoid Robots},
  pages={399--405},
  year={2008},
  organization={IEEE}
},


@article{10.7717/peerj.918,
 title = {An elaborate data set on human gait and the effect of mechanical perturbations},
 author = {Moore, Jason K. and Hnat, Sandra K. and van den Bogert, Antonie J.},
 year = {2015},
 month = {4},
 keywords = {Gait, Data, Control, Perturbation},
 volume = {3},
 pages = {e918},
 journal = {PeerJ},
 issn = {2167-8359},
 url = {https://dx.doi.org/10.7717/peerj.918},
 doi = {10.7717/peerj.918}
},

@inproceedings{chalodhorn2007learning,
  title={Learning to Walk through Imitation.},
  author={Chalodhorn, Rawichote and Grimes, David B and Grochow, Keith and Rao, Rajesh PN},
  booktitle={IJCAI},
  volume={7},
  pages={2084--2090},
  year={2007}
},

@article{peters2014concurrent,
  title={Concurrent validity of walking speed values calculated via the GAITRite electronic walkway and 3 meter walk test in the chronic stroke population},
  author={Peters, Denise M and Middleton, Addie and Donley, Jonathan W and Blanck, Erika L and Fritz, Stacy L},
  journal={Physiotherapy theory and practice},
  volume={30},
  number={3},
  pages={183--188},
  year={2014},
  publisher={Taylor \& Francis}
}
@article{li2018development,
  title={Development of writing task recombination technology based on DMP segmentation via verbal command for Baxter robot},
  author={Li, Chunxu and Yang, Chenguang and Annamalai, Andy and Xu, Qingsong and Li, Shaoxiang},
  journal={Systems Science \& Control Engineering},
  volume={6},
  number={1},
  pages={350--359},
  year={2018},
  publisher={Taylor \& Francis}
},


@article{billard2006discriminative,
  title={Discriminative and adaptive imitation in uni-manual and bi-manual tasks},
  author={Billard, Aude G and Calinon, Sylvain and Guenter, Florent},
  journal={Robotics and Autonomous Systems},
  volume={54},
  number={5},
  pages={370--384},
  year={2006},
  publisher={Elsevier}
},
