@book{siciliano2016springer,
  title={Springer handbook of robotics},
  author={Siciliano, Bruno and Khatib, Oussama},
  year={2016},
  publisher={Springer}
},

@article{kormushev2011imitation,
  title={Imitation learning of positional and force skills demonstrated via kinesthetic teaching and haptic input},
  author={Kormushev, Petar and Calinon, Sylvain and Caldwell, Darwin G},
  journal={Advanced Robotics},
  volume={25},
  number={5},
  pages={581--603},
  year={2011},
  publisher={Taylor \& Francis}
},

@article{calinon2007teacher,
  title={What is the teacherâ€™s role in robot programming by demonstration?: Toward benchmarks for improved learning},
  author={Calinon, Sylvain and Billard, Aude G},
  journal={Interaction Studies},
  volume={8},
  number={3},
  pages={441--464},
  year={2007},
  publisher={John Benjamins}
},

@Inbook{Calinon2018,
author="Calinon, Sylvain",
editor="Ang, Marcelo H
and Khatib, Oussama
and Siciliano, Bruno",
title="Learning from Demonstration (Programming by Demonstration)",
bookTitle="Encyclopedia of Robotics",
year="2018",
publisher="Springer Berlin Heidelberg",
address="Berlin, Heidelberg",
pages="1--8",
isbn="978-3-642-41610-1",
doi="10.1007/978-3-642-41610-1_27-1",
url="https://doi.org/10.1007/978-3-642-41610-1_27-1"
},


@incollection{CalinonLee19,
	author="Calinon, S. and Lee, D.",
	title="Learning Control",
	booktitle="Humanoid Robotics: a Reference",
	publisher="Springer",
	editor="Vadakkepat, P. and Goswami, A.", 
	year="2019",
	pages="1261--1312",
	doi="10.1007/978-94-007-6046-2_68"
},

@inproceedings{ott2008motion,
  title={Motion capture based human motion recognition and imitation by direct marker control},
  author={Ott, Christian and Lee, Dongheui and Nakamura, Yoshihiko},
  booktitle={Humanoids 2008-8th IEEE-RAS International Conference on Humanoid Robots},
  pages={399--405},
  year={2008},
  organization={IEEE}
},

@InProceedings{ViconGaiting,
author="Rosado, Jos{\'e}
and Silva, Filipe
and Santos, V{\'i}tor",
editor="Reis, Lu{\'i}s Paulo
and Moreira, Ant{\'o}nio Paulo
and Lima, Pedro U.
and Montano, Luis
and Mu{\~{n}}oz-Martinez, Victor",
title="Biped Walking Learning from Imitation Using Dynamic Movement Primitives",
booktitle="Robot 2015: Second Iberian Robotics Conference",
year="2016",
publisher="Springer International Publishing",
address="Cham",
pages="185--196",
isbn="978-3-319-27149-1"
},

@article{calinon2007learning,
  title={On learning, representing, and generalizing a task in a humanoid robot},
  author={Calinon, Sylvain and Guenter, Florent and Billard, Aude},
  journal={IEEE Transactions on Systems, Man, and Cybernetics, Part B (Cybernetics)},
  volume={37},
  number={2},
  pages={286--298},
  year={2007},
  publisher={IEEE}
},

@inbook{Calinon,
author = {Calinon, Sylvain and Lee, Dongheui},
year = {2019},
month = {01},
pages = {1261-1312},
title = {Learning Control},
isbn = {978-94-007-6045-5},
doi = {10.1007/978-94-007-6046-2_68}
},


@article{calinon2013compliant,
  title={Compliant skills acquisition and multi-optima policy search with EM-based reinforcement learning},
  author={Calinon, Sylvain and Kormushev, Petar and Caldwell, Darwin G},
  journal={Robotics and Autonomous Systems},
  volume={61},
  number={4},
  pages={369--379},
  year={2013},
  publisher={Elsevier}
},

@article{ijspeert2013dynamical,
  title={Dynamical movement primitives: learning attractor models for motor behaviors},
  author={Ijspeert, Auke Jan and Nakanishi, Jun and Hoffmann, Heiko and Pastor, Peter and Schaal, Stefan},
  journal={Neural computation},
  volume={25},
  number={2},
  pages={328--373},
  year={2013},
  publisher={MIT Press}
},

@article{andriacchi1980study,
  title={A study of lower-limb mechanics during stair-climbing.},
  author={Andriacchi, TP and Andersson, GB and Fermier, RW and Stern, D and Galante, JO},
  journal={The Journal of bone and joint surgery. American volume},
  volume={62},
  number={5},
  pages={749--757},
  year={1980}
},

@article{nakanishi2004learning,
  title={Learning from demonstration and adaptation of biped locomotion},
  author={Nakanishi, Jun and Morimoto, Jun and Endo, Gen and Cheng, Gordon and Schaal, Stefan and Kawato, Mitsuo},
  journal={Robotics and autonomous systems},
  volume={47},
  number={2-3},
  pages={79--91},
  year={2004},
  publisher={Elsevier}
},


@article{muller2007dynamic,
  title={Dynamic time warping},
  author={M{\"u}ller, Meinard},
  journal={Information retrieval for music and motion},
  pages={69--84},
  year={2007},
  publisher={Springer}
},


@article{JSSv031i07,
   author = {Toni Giorgino},
   title = {Computing and Visualizing Dynamic Time Warping Alignments in R: The dtw Package},
   journal = {Journal of Statistical Software, Articles},
   volume = {31},
   number = {7},
   year = {2009},
   keywords = {},
   issn = {1548-7660},
   pages = {1--24},
   doi = {10.18637/jss.v031.i07},
   url = {https://www.jstatsoft.org/v031/i07}
},


@article{hicks2012temporal,
  title={Temporal-spatial gait adaptations during stair ascent and descent in patients with knee osteoarthritis},
  author={Hicks-Little, Charlie A and Peindl, Richard D and Fehring, Thomas K and Odum, Susan M and Hubbard, Tricia J and Cordova, Mitchell L},
  journal={The Journal of arthroplasty},
  volume={27},
  number={6},
  pages={1183--1189},
  year={2012},
  publisher={Elsevier}
},


@inproceedings{hu2014online,
  title={Online human walking imitation in task and joint space based on quadratic programming},
  author={Hu, Kai and Ott, Christian and Lee, Dongheui},
  booktitle={2014 IEEE International Conference on Robotics and Automation (ICRA)},
  pages={3458--3464},
  year={2014},
  organization={IEEE}
},

@INPROCEEDINGS{taskjointmocap,
author={K. {Hu} and C. {Ott} and D. {Lee}},
booktitle={2014 IEEE International Conference on Robotics and Automation (ICRA)},
title={Online human walking imitation in task and joint space based on quadratic programming},
year={2014},
volume={},
number={},
pages={3458-3464},
doi={10.1109/ICRA.2014.6907357},
ISSN={1050-4729},
month={May},
},

@article{metric,
author = {Calinon, Sylvain and Sauser, Eric and Caldwell, Darwin and Billard, Aude},
year = {2009},
month = {01},
pages = {},
title = {A probabilistic approach based on dynamical systems to learn and reproduce gestures by imitation}
},

@article{mulling2013learning,
  title={Learning to select and generalize striking movements in robot table tennis},
  author={M{\"u}lling, Katharina and Kober, Jens and Kroemer, Oliver and Peters, Jan},
  journal={The International Journal of Robotics Research},
  volume={32},
  number={3},
  pages={263--279},
  year={2013},
  publisher={Sage Publications Sage UK: London, England}
},

@article{luo2020generalized,
  title={A Generalized Robotic Handwriting Learning System based on Dynamic Movement Primitives (DMPs)},
  author={Luo, Qian and Wu, Jing and Gombolay, Matthew},
  journal={arXiv preprint arXiv:2012.03898},
  year={2020}
},

@article{hersch2008dynamical,
  title={Dynamical system modulation for robot learning via kinesthetic demonstrations},
  author={Hersch, Micha and Guenter, Florent and Calinon, Sylvain and Billard, Aude},
  journal={IEEE Transactions on Robotics},
  volume={24},
  number={6},
  pages={1463--1467},
  year={2008},
  publisher={IEEE}
},

@article{kulvicius2011joining,
  title={Joining movement sequences: Modified dynamic movement primitives for robotics applications exemplified on handwriting},
  author={Kulvicius, Tomas and Ning, KeJun and Tamosiunaite, Minija and Worg{\"o}tter, Florentin},
  journal={IEEE Transactions on Robotics},
  volume={28},
  number={1},
  pages={145--157},
  year={2011},
  publisher={IEEE}
}

@inproceedings{calinon2007active,
  title={Active teaching in robot programming by demonstration},
  author={Calinon, Sylvain and Billard, Aude},
  booktitle={RO-MAN 2007-The 16th IEEE International Symposium on Robot and Human Interactive Communication},
  pages={702--707},
  year={2007},
  organization={IEEE}
}


@article{ostertagova2012modelling,
  title={Modelling using polynomial regression},
  author={Ostertagov{\'a}, Eva},
  journal={Procedia Engineering},
  volume={48},
  pages={500--506},
  year={2012},
  publisher={Elsevier}
}