
% @online{Vytaflex20Website,
% title = "Vytaflex 20 Product Info Page",
% url = "https://www.smooth-on.com/products/vytaflex-20/"
% addendum = "(accessed: 12.15.2019)",
% keywords = "Vytaflex, resin, mold"
% }



@INPROCEEDINGS{7523699,
  author={V. {Bartenbach} and M. {Gort} and R. {Riener}},
  booktitle={2016 6th IEEE International Conference on Biomedical Robotics and Biomechatronics (BioRob)}, 
  title={Concept and design of a modular lower limb exoskeleton}, 
  year={2016},
  volume={},
  number={},
  pages={649-654},
  },
  
@phdthesis{Michaels2020,
	author = "Michaels, Nathaniel I."
	title = "A Modular Robotic AFO for detecting phase changes during Walking Gait"
	school = "Worcester Polytechnic Institute"
	%address = "100 Institute Road, Worcester MA 01609-2280 USA"
	year = "2020"
	%month = "May"
},


@book{akin2010finite,
  title={Finite element analysis concepts: via SolidWorks},
  author={Akin, John Edward},
  year={2010},
  publisher={World Scientific}
},

@inproceedings{yaniger1991force,
  title={Force sensing resistors: A review of the technology},
  author={Yaniger, SI},
  booktitle={Electro International, 1991},
  pages={666--668},
  year={1991},
  organization={IEEE}
},

@article{giovanelli2016force,
  title={Force sensing resistor and evaluation of technology for wearable body pressure sensing},
  author={Giovanelli, Davide and Farella, Elisabetta},
  journal={Journal of Sensors},
  volume={2016},
  year={2016},
  publisher={Hindawi}
},

@inproceedings{ab2014system,
  title={System integration and control of Dynamic Ankle Foot Orthosis for lower limb rehabilitation},
  author={Ab Patar, Mohd Nor Azmi and Said, Ahmad Fahmi and Mahmud, Jamaluddin and Majeed, Anwar PP Abdul and Razman, Mohd Azraai},
  booktitle={2014 International Symposium on Technology Management and Emerging Technologies},
  pages={82--85},
  year={2014},
  organization={IEEE}
}

 @book{shigley,
      title     = "Mechanical Engineering Design Ninth Edition",
      author    = "Budynas G. Richard, Nisbett Keith",
      year      = 2011,
      publisher = "McGraw Hill",
      address   = "New York"
    }
    
    
    @inproceedings{subra2020design,
  title={Design, Development and Characterization of a Wrap Spring Clutch/Brake Mechanism As a Knee Joint for an Assistive Exoskeleton},
  author={Subra Mani, Vishnu Aishwaryan and Goldfarb, Nathaniel and Fischer, Gregory S},
  booktitle={ASME 2020 International Design Engineering Technical Conferences and Computers and Information in Engineering Conference},
  year={2020},
  organization={American Society of Mechanical Engineers Digital Collection}
},


@article{irby1999optimization,
  title={Optimization and application of a wrap-spring clutch to a dynamic knee-ankle-foot orthosis},
  author={Irby, Steven E and Kaufman, Kenton R and Wirta, Roy W and Sutherland, David H},
  journal={IEEE Transactions on Rehabilitation Engineering},
  volume={7},
  number={2},
  pages={130--134},
  year={1999},
  publisher={IEEE}
},


@phdthesis{tung2013design,
  title={Design and operation of minimally actuated medical exoskeletons for individuals with paralysis},
  author={Tung, Wayne Yi-Wei},
  year={2013},
  school={UC Berkeley}
}

@mastersthesis{SubraMani2020,
	author = "Subra Mani, Vishnu Aishwaryan"
	title = "Design, Development and Characterization of a Wrap Spring Clutch/Brake Mechanism as a Knee Joint for a Hybrid Exoskeleton"
	school = "Worcester Polytechnic Institute"
	%type = "Thesis"
	%address = "100 Institute Road, Worcester MA 01609-2280 USA"
	year = "2020"
	%month = "May"
}


@article{morrison1970mechanics,
  title={The mechanics of the knee joint in relation to normal walking},
  author={Morrison, JB},
  journal={Journal of biomechanics},
  volume={3},
  number={1},
  pages={51--61},
  year={1970},
  publisher={Elsevier}
}

@article{koo2008knee,
  title={The knee joint center of rotation is predominantly on the lateral side during normal walking},
  author={Koo, Seungbum and Andriacchi, Thomas P},
  journal={Journal of biomechanics},
  volume={41},
  number={6},
  pages={1269--1273},
  year={2008},
  publisher={Elsevier}
}


@article{wang2018comfort,
  title={Comfort-centered design of a lightweight and backdrivable knee exoskeleton},
  author={Wang, Junlin and Li, Xiao and Huang, Tzu-Hao and Yu, Shuangyue and Li, Yanjun and Chen, Tianyao and Carriero, Alessandra and Oh-Park, Mooyeon and Su, Hao},
  journal={IEEE Robotics and Automation Letters},
  volume={3},
  number={4},
  pages={4265--4272},
  year={2018},
  publisher={IEEE}
}

@INPROCEEDINGS{AdaptiveKneeJoint,
    author={{Dong-hai Wang} and {Jiajie Guo} and {Kok-Meng Lee} and {Can-jun Yang} and {Hui Yu}},
    booktitle={2011 IEEE International Conference on Robotics and Automation}, 
    title={An adaptive knee joint exoskeleton based on biological geometries}, 
    year={2011},
    volume={},
    number={},
    pages={1386-1391},
    doi={10.1109/ICRA.2011.5979761}
}

@article{MRIKneeShape_Unloaded,
    author = {Iwaki, H. and Pinskerova, V. and Freeman, M.},
    year = {2000},
    month = {11},
    pages = {1189-1195},
    title = {Tibiofemoral movement 1: the shapes and relative movements of the femur and tibia in the unloaded cadaver knee},
    volume = {82-B},
    journal = {The Journal of Bone and Joint Surgery. British volume},
    doi = {10.1302/0301-620X.82B8.0821189}
}

@article{MRIKneeShape_Loaded,
    author = {Hill, P. and Vedi, Vikas and Williams, Andy and Iwaki, H. and Pinskerova, V. and Freeman, M.},
    year = {2000},
    month = {11},
    pages = {1196-1198},
    title = {Tibiofemoral movement 2: the loaded and unloaded living knee studied by MRI},
    volume = {82-B},
    journal = {The Journal of Bone and Joint Surgery. British volume},
    doi = {10.1302/0301-620X.82B8.0821196}
}

@inproceedings{choi2017development,
  title={Development of adjustable knee joint for walking assistance devices},
  author={Choi, Byungjune and Lee, Younbaek and Kim, Yong-Jae and Lee, Jongwon and Lee, Minhyung and Roh, Se-Gon and Park, Young Jin and Kim, Kyungrock and Shim, Youngbo},
  booktitle={2017 IEEE/RSJ International Conference on Intelligent Robots and Systems (IROS)},
  pages={1790--1797},
  year={2017},
  organization={IEEE}
}


@article{KinDynKneeJoint,
    title = "Kinematic and dynamic analysis of an anatomically based knee joint",
    journal = "Journal of Biomechanics",
    volume = "43",
    number = "7",
    pages = "1231 - 1236",
    year = "2010",
    issn = "0021-9290",
    doi = "https://doi.org/10.1016/j.jbiomech.2010.02.001",
    url = "http://www.sciencedirect.com/science/article/pii/S0021929010000321",
    author = "Kok-Meng Lee and Jiajie Guo",
    keywords = "Bio joint, Sliding velocity, Exoskeleton, Dynamic model",
}