

@article{national2016facts,
  title={Facts and Figures at a Glance},
  author={National Spinal Cord Injury Statistical Center and others},
  journal={Birmingham, AL: University of Alabama at Birmingham},
  volume={10},
  year={2016}
},

@article{palermo2017clinician,
  title={Clinician-focused overview of bionic exoskeleton use after spinal cord injury},
  author={Palermo, Anne E and Maher, Jennifer L and Baunsgaard, Carsten Bach and Nash, Mark S},
  journal={Topics in spinal cord injury rehabilitation},
  volume={23},
  number={3},
  pages={234--244},
  year={2017},
  publisher={Thomas Land Publishers, Inc.}
},

@article{scivoletto2005early,
  title={Early versus delayed inpatient spinal cord injury rehabilitation: an Italian study},
  author={Scivoletto, Giorgio and Morganti, Barbara and Molinari, Marco},
  journal={Archives of physical medicine and rehabilitation},
  volume={86},
  number={3},
  pages={512--516},
  year={2005},
  publisher={Elsevier}
}

@article{piepmeier1988late,
  title={Late neurological changes following traumatic spinal cord injury},
  author={Piepmeier, Joseph M and Jenkins, N Ross},
  journal={Journal of neurosurgery},
  volume={69},
  number={3},
  pages={399--402},
  year={1988},
  publisher={Journal of Neurosurgery Publishing Group}
},

@book{hammell2013spinal,
  title={Spinal cord injury rehabilitation},
  author={Hammell, Karen Whalley},
  year={2013},
  publisher={Springer}
},


@article{diaz2011lower,
  title={Lower-limb robotic rehabilitation: literature review and challenges},
  author={D{\'\i}az, I{\~n}aki and Gil, Jorge Juan and S{\'a}nchez, Emilio},
  journal={Journal of Robotics},
  volume={2011},
  publisher={Hindawi}
},


@article{giangregorio2006bone,
  title={Bone loss and muscle atrophy in spinal cord injury: epidemiology, fracture prediction, and rehabilitation strategies},
  author={Giangregorio, Lora and McCartney, Neil},
  journal={The journal of spinal cord medicine},
  volume={29},
  number={5},
  pages={489--500},
  year={2006},
  publisher={Taylor \& Francis}
}


@article{castro1999influence,
  title={Influence of complete spinal cord injury on skeletal muscle within 6 mo of injury},
  author={Castro, Michael J and Apple Jr, David F and Staron, Robert S and Campos, Gerson ER and Dudley, Gary A},
  journal={Journal of Applied Physiology},
  volume={86},
  number={1},
  pages={350--358},
  year={1999},
  publisher={American Physiological Society Bethesda, MD}
}

@article{wall2000preventing,
  title={Preventing pressure sores among wheelchair users.},
  author={Wall, Jenny},
  journal={Professional nurse (London, England)},
  volume={15},
  number={5},
  pages={321},
  year={2000}
}

@article{goemaere1994bone,
  title={Bone mineral status in paraplegic patients who do or do not perform standing},
  author={Goemaere, Stefan and Van Laere, M and De Neve, P and Kaufman, JM},
  journal={Osteoporosis international},
  volume={4},
  number={3},
  pages={138--143},
  year={1994},
  publisher={Springer}
}

@article{del2012review,
  title={Review of hybrid exoskeletons to restore gait following spinal cord injury.},
  author={Del-Ama, Antonio J and Koutsou, Aikaterini D and Moreno, Juan C and De-Los-Reyes, Ana and Gil-Agudo, {\'A}ngel and Pons, Jos{\'e} L},
  journal={Journal of Rehabilitation Research \& Development},
  volume={49},
  number={4},
  year={2012}
}

@ARTICLE{guidingLeg,
  author={A. {Martínez} and B. {Lawson} and M. {Goldfarb}},
  journal={IEEE Transactions on Robotics}, 
  title={A Controller for Guiding Leg Movement During Overground Walking With a Lower Limb Exoskeleton}, 
  year={2018},
  volume={34},
  number={1},
  pages={183-193},
  doi={10.1109/TRO.2017.2768035}
  },
  
  
  @article{esquenazi2012rewalk,
  title={The ReWalk powered exoskeleton to restore ambulatory function to individuals with thoracic-level motor-complete spinal cord injury},
  author={Esquenazi, Alberto and Talaty, Mukul and Packel, Andrew and Saulino, Michael},
  journal={American journal of physical medicine \& rehabilitation},
  volume={91},
  number={11},
  pages={911--921},
  year={2012},
  publisher={LWW}
},

@article{zeilig2012safety,
  title={Safety and tolerance of the ReWalk™ exoskeleton suit for ambulation by people with complete spinal cord injury: a pilot study},
  author={Zeilig, Gabi and Weingarden, Harold and Zwecker, Manuel and Dudkiewicz, Israel and Bloch, Ayala and Esquenazi, Alberto},
  journal={The journal of spinal cord medicine},
  volume={35},
  number={2},
  pages={96--101},
  year={2012},
  publisher={Taylor \& Francis}
},


@ARTICLE{6876184,
  author={S. A. {Murray} and K. H. {Ha} and C. {Hartigan} and M. {Goldfarb}},
  journal={IEEE Transactions on Neural Systems and Rehabilitation Engineering}, 
  title={An Assistive Control Approach for a Lower-Limb Exoskeleton to Facilitate Recovery of Walking Following Stroke}, 
  year={2015},
  volume={23},
  number={3},
  pages={441-449},
  doi={10.1109/TNSRE.2014.2346193}},
  
  @article{amatachaya2014concurrent,
  title={Concurrent validity of the 10-meter walk test as compared with the 6-minute walk test in patients with spinal cord injury at various levels of ability},
  author={Amatachaya, S and Naewla, S and Srisim, K and Arrayawichanon, P and Siritaratiwat, W},
  journal={Spinal Cord},
  volume={52},
  number={4},
  pages={333--336},
  year={2014},
  publisher={Nature Publishing Group}
},

@inproceedings{quintero2012preliminary,
  title={Preliminary assessment of the efficacy of supplementing knee extension capability in a lower limb exoskeleton with FES},
  author={Quintero, Hugo A and Farris, Ryan J and Ha, Kevin and Goldfarb, Michael},
  booktitle={2012 Annual International Conference of the IEEE Engineering in Medicine and Biology Society},
  pages={3360--3363},
  year={2012},
  organization={IEEE}
}

@inproceedings{ha2012enhancing,
  title={Enhancing stance phase propulsion during level walking by combining FES with a powered exoskeleton for persons with paraplegia},
  author={Ha, Kevin H and Quintero, Hugo A and Farris, Ryan J and Goldfarb, Michael},
  booktitle={2012 Annual International Conference of the IEEE Engineering in Medicine and Biology Society},
  pages={344--347},
  year={2012},
  organization={IEEE}
},

@article{alouane2019hybrid,
  title={Hybrid fes-exoskeleton controller to assist sit-to-stand movement},
  author={Alouane, Mohamed Amine and Huo, Weiguang and Rifai, Hala and Amirat, Yacine and Mohammed, Samer},
  journal={IFAC-PapersOnLine},
  volume={51},
  number={34},
  pages={296--301},
  year={2019},
  publisher={Elsevier}
},

@inproceedings{mazzoleni2013fes,
  title={FES-cycling training in spinal cord injured patients},
  author={Mazzoleni, Stefano and Stampacchia, G and Gerini, A and Tombini, T and Carrozza, Maria Chiara},
  booktitle={2013 35th Annual International Conference of the IEEE Engineering in Medicine and Biology Society (EMBC)},
  pages={5339--5341},
  year={2013},
  organization={IEEE}
},

@article{hamid2008role,
  title={Role of electrical stimulation for rehabilitation and regeneration after spinal cord injury: an overview},
  author={Hamid, Samar and Hayek, Ray},
  journal={European Spine Journal},
  volume={17},
  number={9},
  pages={1256--1269},
  year={2008},
  publisher={Springer}
},

@article{karu1995reducing,
  title={Reducing muscle fatigue in FES applications by stimulating with N-let pulse trains},
  author={Karu, Zoher Z and Durfee, William K and Barzilai, Aaron M},
  journal={IEEE Transactions on Biomedical Engineering},
  volume={42},
  number={8},
  pages={809--817},
  year={1995},
  publisher={IEEE}
},


@article{jensen2012secondary,
  title={Secondary health conditions in individuals aging with SCI: terminology, concepts and analytic approaches},
  author={Jensen, MP and Molton, IR and Groah, SL and Campbell, ML and Charlifue, S and Chiodo, A and Forchheimer, M and Krause, JS and Tate, D},
  journal={Spinal cord},
  volume={50},
  number={5},
  pages={373--378},
  year={2012},
  publisher={Nature Publishing Group}
},


@article{haisma2007complications,
  title={Complications following spinal cord injury: occurrence and risk factors in a longitudinal study during and after inpatient rehabilitation},
  author={Haisma, Janneke A and Van Der Woude, Lucas H and Stam, Henk J and Bergen, Michael P and Sluis, Tebbe A and Post, Marcel W and Bussmann, Johannes B},
  journal={Journal of rehabilitation medicine},
  volume={39},
  number={5},
  pages={393--398},
  year={2007},
  publisher={Medical Journals Limited}
},

@article{hitzig2010understanding,
  title={Understanding age effects associated with changes in secondary health conditions in a Canadian spinal cord injury cohort},
  author={Hitzig, SL and Campbell, Kristine A and McGillivray, CF and Boschen, Kathryn A and Craven, B Catharine},
  journal={Spinal cord},
  volume={48},
  number={4},
  pages={330--335},
  year={2010},
  publisher={Nature Publishing Group}
},


@article{craven2012impact,
  title={Impact of impairment and secondary health conditions on health preference among Canadians with chronic spinal cord injury},
  author={Craven, Catharine and Hitzig, Sander L and Mittmann, Nicole},
  journal={The journal of spinal cord medicine},
  volume={35},
  number={5},
  pages={361--370},
  year={2012},
  publisher={Taylor \& Francis}
},


@article{mcdonald2002spinal,
  title={Spinal-cord injury},
  author={McDonald, John W and Sadowsky, Cristina},
  journal={The Lancet},
  volume={359},
  number={9304},
  pages={417--425},
  year={2002},
  publisher={Elsevier}
},

@article{noreau1995spinal,
  title={Spinal cord injury, exercise and quality of life},
  author={Noreau, Luc and Shephard, Roy J},
  journal={Sports Medicine},
  volume={20},
  number={4},
  pages={226--250},
  year={1995},
  publisher={Springer}
},


@article{kirshblum2011international,
  title={International standards for neurological classification of spinal cord injury (revised 2011)},
  author={Kirshblum, Steven C and Burns, Stephen P and Biering-Sorensen, Fin and Donovan, William and Graves, Daniel E and Jha, Amitabh and Johansen, Mark and Jones, Linda and Krassioukov, Andrei and Mulcahey, MJ and others},
  journal={The journal of spinal cord medicine},
  volume={34},
  number={6},
  pages={535--546},
  year={2011},
  publisher={Taylor \& Francis}
}