@article{ZLAJPAH2008879,
title = "Simulation in robotics",
journal = "Mathematics and Computers in Simulation",
volume = "79",
number = "4",
pages = "879 - 897",
year = "2008",
note = "5th Vienna International Conference on Mathematical Modelling/Workshop on Scientific Computing in Electronic Engineering of the 2006 International Conference on Computational Science/Structural Dynamical Systems: Computational Aspects",
issn = "0378-4754",
doi = "https://doi.org/10.1016/j.matcom.2008.02.017",
url = "http://www.sciencedirect.com/science/article/pii/S0378475408001183",
author = "Leon Å½lajpah",
keywords = "Simulation, Robot systems, Multi-body dynamics, Visualization, Modelling",
},

@ARTICLE{reiner1998patient,  
    author={R. {Riener} and T. {Fuhr}},
    journal={IEEE Transactions on Rehabilitation Engineering},   
    title={Patient-driven control of FES-supported standing up: a simulation study},   
    year={1998}, 
    volume={6},  
    number={2},  
    pages={113-124},  
    doi={10.1109/86.681177}
},

@article{lynch2008functional,
  title={Functional electrical stimulation},
  author={Lynch, Cheryl L and Popovic, Milos R},
  journal={IEEE control systems magazine},
  volume={28},
  number={2},
  pages={40--50},
  year={2008},
  publisher={IEEE}
},

@article{rushton1997functional,
  title={Functional electrical stimulation},
  author={Rushton, DN},
  journal={Physiological measurement},
  volume={18},
  number={4},
  pages={241},
  year={1997},
  publisher={IOP Publishing}
},

@article{Yan_2017,
	doi = {10.21595/jve.2017.17303},
	url = {https://doi.org/10.21595\%2Fjve.2017.17303},
	year = 2017,
	month = {jun},
	publisher = {{JVE} International Ltd.},
	volume = {19},
	number = {4},
	pages = {2976--2986},
	author = {Lei Yan and Hongfang Wu and Tianyu Jia and Na Li and Jian Wu},
	title = {Study on the control algorithm for lower limb exoskeleton based on {ADAMS}/Simulink co-simulation},
	journal = {Journal of Vibroengineering}
},

@inproceedings{copilusi2014,
    author={Copilusi, C.and Ceccarelli, M.and Dumitru, N.and Carbone, G.},
    editor={Visa, Ion},
    title={Design and Simulation of a Leg Exoskeleton Linkage for a Human Rehabilitation System},
    booktitle={The 11th IFToMM International Symposium on Science of Mechanisms and Machines},
    year={2014},
    publisher={Springer International Publishing},
    address={Cham},
    pages={117--125},
    isbn={978-3-319-01845-4},
},


@article{geonea2017design,
  title={Design and evaluation of a new exoskeleton for gait rehabilitation},
  author={Geonea, Ionut Daniel and Tarnita, Daniela},
  journal={Mechanical Sciences},
  volume={8},
  number={2},
  pages={307},
  year={2017},
  publisher={Copernicus GmbH}
},


@inproceedings{quigley2009ros,
  title={ROS: an open-source Robot Operating System},
  author={Quigley, Morgan and Conley, Ken and Gerkey, Brian and Faust, Josh and Foote, Tully and Leibs, Jeremy and Wheeler, Rob and Ng, Andrew Y},
  booktitle={ICRA workshop on open source software},
  volume={3},
  number={3.2},
  pages={5},
  year={2009},
  organization={Kobe, Japan}
},



@online{AMBF_ADDON,
author = "A. Munawar",
title = "A Graphical add-on for Blender for Creating and
Loading AMBF Models",
url = "https://github.com/WPI-AIM/ambf_addon",
addendum = "(accessed: 2009)",
keywords = "AMBF_ADDON"
},

@INPROCEEDINGS{AMBF,
author={A. {Munawar} and Y. {Wang} and R. {Gondokaryono} and G. S. {Fischer}},
booktitle={2019 IEEE/RSJ International Conference on Intelligent Robots and Systems (IROS)},
title={A Real-Time Dynamic Simulator and an Associated Front-End Representation Format for Simulating Complex Robots and Environments},
year={2019},
volume={},
number={},
pages={1875-1882},
keywords={},
doi={10.1109/IROS40897.2019.8968568},
ISSN={2153-0858},
month={Nov},
}

@Article{Felis2016,
  author="Felis, Martin L.",
  title="RBDL: an efficient rigid-body dynamics library using recursive algorithms",
  journal="Autonomous Robots",
  year="2016",
  pages="1--17",
  issn="1573-7527",
  doi="10.1007/s10514-016-9574-0",
  url="http://dx.doi.org/10.1007/s10514-016-9574-0"
},


@article{vzlajpah2008simulation,
  title={Simulation in robotics},
  author={{\v{Z}}lajpah, Leon},
  journal={Mathematics and Computers in Simulation},
  volume={79},
  number={4},
  pages={879--897},
  year={2008},
  publisher={Elsevier}
},

@article{piltan2012design,
  title={Design baseline computed torque controller},
  author={Piltan, Farzin and Mirzaei, Mina and Shahriari, Forouzan and Nazari, Iman and Emamzadeh, Sara},
  journal={International Journal of Engineering},
  volume={6},
  number={3},
  pages={129--141},
  year={2012}
},

@article{drillis1964body,
  title={Body segment parameters},
  author={Drillis, Rudolfs and Contini, Renato and Bluestein, Maurice},
  journal={Artificial limbs},
  volume={8},
  number={1},
  pages={44--66},
  year={1964}
}

 @misc{BMI, 
 title={Healthy Eating and Weight}, url={https://www.nhlbi.nih.gov/health/educational/lose\_wt/BMI/}, 
 journal={National Heart Lung and Blood Institute}, publisher={U.S. Department of Health and Human Services}
 } ,
 
 @article{millard2017predicting,
  title={Predicting the motions and forces of wearable robotic systems using optimal control},
  author={Millard, Matthew and Sreenivasa, Manish and Mombaur, Katja},
  journal={Frontiers in Robotics and AI},
  volume={4},
  pages={41},
  year={2017},
  publisher={Frontiers}
},


@inproceedings{harant2017parameter,
  title={Parameter optimization for passive spinal exoskeletons based on experimental data and optimal control},
  author={Harant, Monika and Sreenivasa, Manish and Millard, Matthew and {\v{S}}arabon, Nejc and Mombaur, Katja},
  booktitle={2017 IEEE-RAS 17th International Conference on Humanoid Robotics (Humanoids)},
  pages={535--540},
  year={2017},
  organization={IEEE}
},
  @article{manns2017motion,
  title={Motion optimization and parameter identification for a human and lower back exoskeleton model},
  author={Manns, Paul and Sreenivasa, Manish and Millard, Matthew and Mombaur, Katja},
  journal={IEEE Robotics and Automation Letters},
  volume={2},
  number={3},
  pages={1564--1570},
  year={2017},
  publisher={IEEE}
},

@InProceedings{Rusu_ICRA2011_PCL,
  author    = {Radu Bogdan Rusu and Steve Cousins},
  title     = {{3D is here: Point Cloud Library (PCL)}},
  booktitle = {{IEEE International Conference on Robotics and Automation (ICRA)}},
  month     = {May 9-13},
  year      = {2011},
  address   = {Shanghai, China}
}


@inproceedings{koenig2004design,
  title={Design and use paradigms for gazebo, an open-source multi-robot simulator},
  author={Koenig, Nathan and Howard, Andrew},
  booktitle={2004 IEEE/RSJ International Conference on Intelligent Robots and Systems (IROS)(IEEE Cat. No. 04CH37566)},
  volume={3},
  pages={2149--2154},
  year={2004},
  organization={IEEE}
}


@inproceedings{su2020collaborative,
  title={Collaborative Robotics Toolkit (CRTK): Open Software Framework for Surgical Robotics Research},
  author={Su, Yun-Hsuan and Munawar, Adnan and Deguet, Anton and Lewis, Andrew and Lindgren, Kyle and Li, Yangming and Taylor, Russell H and Fischer, Gregory S and Hannaford, Blake and Kazanzides, Peter},
  booktitle={2020 Fourth IEEE International Conference on Robotic Computing (IRC)},
  pages={48--55},
  year={2020},
  organization={IEEE}
}

@inproceedings{munawar2020open,
  title={An open-source framework for rapid development of interactive soft-body simulations for real-time training},
  author={Munawar, Adnan and Srishankar, Nishan and Fischer, Gregory S},
  booktitle={2020 IEEE International Conference on Robotics and Automation (ICRA)},
  pages={6544--6550},
  year={2020},
  organization={IEEE}
}

@article{d2021accelerating,
  title={Accelerating Surgical Robotics Research: Reviewing 10 Years of Research with the dVRK},
  author={D'Ettorre, Claudia and Mariani, Andrea and Stilli, Agostino and Valdastri, Pietro and Deguet, Anton and Kazanzides, Peter and Taylor, Russell H and Fischer, Gregory S and DiMaio, Simon P and Menciassi, Arianna and others},
  journal={arXiv preprint arXiv:2104.09869},
  year={2021}
}
@inproceedings{munawar2019real,
  title={A real-time dynamic simulator and an associated front-end representation format for simulating complex robots and environments},
  author={Munawar, Adnan and Wang, Yan and Gondokaryono, Radian and Fischer, Gregory S},
  booktitle={2019 IEEE/RSJ International Conference on Intelligent Robots and Systems (IROS)},
  pages={1875--1882},
  year={2019},
  organization={IEEE}
}

@article{wang2019convex,
  title={A convex optimization-based dynamic model identification package for the da Vinci Research Kit},
  author={Wang, Yan and Gondokaryono, Radian and Munawar, Adnan and Fischer, Gregory Scott},
  journal={IEEE Robotics and Automation Letters},
  volume={4},
  number={4},
  pages={3657--3664},
  year={2019},
  publisher={IEEE}
}