  @book{winter1991biomechanics,
  title={Biomechanics and motor control of human gait: normal, elderly and pathological},
  author={Winter, David A},
  year={1991}
},

@article{moore2015elaborate,
  title={An elaborate data set on human gait and the effect of mechanical perturbations},
  author={Moore, Jason K and Hnat, Sandra K and van den Bogert, Antonie J},
  journal={PeerJ},
  volume={3},
  pages={e918},
  year={2015},
  publisher={PeerJ Inc.}
},

@article{bargiacchi2020ai,
  title={AI-Toolbox: A C++ library for Reinforcement Learning and Planning (with Python Bindings)},
  author={Bargiacchi, Eugenio and Roijers, Diederik M and Now{\'e}, Ann},
  journal={Journal of Machine Learning Research},
  volume={21},
  number={102},
  pages={1--12},
  year={2020}
},

@inproceedings{varisteas2018distributed,
  title={Distributed C++-Python embedding for fast predictions and fast prototyping},
  author={Varisteas, Georgios and Avanesov, Tigran and State, Radu},
  booktitle={Proceedings of the Second Workshop on Distributed Infrastructures for Deep Learning},
  pages={9--14},
  year={2018}
},


@article{seth2018opensim,
  title={OpenSim: Simulating musculoskeletal dynamics and neuromuscular control to study human and animal movement},
  author={Seth, Ajay and Hicks, Jennifer L and Uchida, Thomas K and Habib, Ayman and Dembia, Christopher L and Dunne, James J and Ong, Carmichael F and DeMers, Matthew S and Rajagopal, Apoorva and Millard, Matthew and others},
  journal={PLoS computational biology},
  volume={14},
  number={7},
  year={2018},
  publisher={Public Library of Science}
},

@article{barre2014biomechanical,
  title={Biomechanical ToolKit: Open-source framework to visualize and process biomechanical data},
  author={Barre, Arnaud and Armand, St{\'e}phane},
  journal={Computer methods and programs in biomedicine},
  volume={114},
  number={1},
  pages={80--87},
  year={2014},
  publisher={Elsevier}
},

@misc{DTK2014,
  title={DynamicistToolKit: Version 0.3.5},
  url={http://dx.doi.org/10.5281/zenodo.13253},
  DOI={10.5281/zenodo.13253},
  publisher={ZENODO},
  author={Jason K. Moore and Christopher Dembia},
  year={2014}
  },
  
  @misc{GATK2014,
  title={GaitAnalysisToolKit: Version 0.1.2},
  url={http://dx.doi.org/10.5281/zenodo.13159},
  DOI={10.5281/zenodo.13159}, publisher={ZENODO},
  author={Jason K. Moore and Nwanna, Obinna and Hnat, Sandra K. and van den Bogert, Antonie},
  year={2014}
  },
  
  
  @article{arun1987least,
  title={Least-squares fitting of two 3-D point sets},
  author={Arun, K Somani and Huang, Thomas S and Blostein, Steven D},
  journal={IEEE Transactions on pattern analysis and machine intelligence},
  number={5},
  pages={698--700},
  year={1987},
  publisher={IEEE}
},

@article{li2010bolero,
  title={Bolero: a principled technique for including bone length constraints in motion capture occlusion filling},
  author={Li, Lei and McCann, James and Pollard, Nancy and Faloutsos, Christos},
  year={2010},
  publisher={Carnegie Mellon University}
},

@inproceedings{piazza2009towards,
  title={Towards solving the missing marker problem in realtime motion capture},
  author={Piazza, Tommaso and Lundstro{\"{}} m, Johan and Hugestrand, Alexander and Kunz, Andreas and Fjeld, Morten},
  booktitle={International Design Engineering Technical Conferences and Computers and Information in Engineering Conference},
  volume={48999},
  pages={1521--1526},
  year={2009}
}

@article{aristidou2013real,
  title={Real-time marker prediction and CoR estimation in optical motion capture},
  author={Aristidou, Andreas and Lasenby, Joan},
  journal={The Visual Computer},
  volume={29},
  number={1},
  pages={7--26},
  year={2013},
  publisher={Springer}
},

@article{wang2014real,
  title={A real-time look-ahead interpolation algorithm based on Akima curve fitting},
  author={Wang, Yunsen and Yang, Dongsheng and Liu, Yinzhong},
  journal={International Journal of Machine Tools and Manufacture},
  volume={85},
  pages={122--130},
  year={2014},
  publisher={Elsevier}
},


@article{sadaka2012bradycardia,
  title={Bradycardia secondary to cervical spinal cord injury},
  author={Sadaka, Farid and Veremakis, Christopher},
  journal={CARDIAC ARRHYTHMIAS--NEW CONSIDERATIONS},
  pages={395},
  year={2012}
},



@article{calinon2016tutorial,
  title={A tutorial on task-parameterized movement learning and retrieval},
  author={Calinon, Sylvain},
  journal={Intelligent service robotics},
  volume={9},
  number={1},
  pages={1--29},
  year={2016},
  publisher={Springer}
},


@article{goldfarb2021open,
  title={Open source Vicon Toolkit for motion capture and Gait Analysis},
  author={Goldfarb, Nathaniel and Lewis, Alek and Tacescu, Alex and Fischer, Gregory S},
  journal={Computer Methods and Programs in Biomedicine},
  volume={212},
  pages={106414},
  year={2021},
  publisher={Elsevier}
}


@article{halvorsen1999new,
  title={A new method for estimating the axis of rotation and the center of rotation.},
  author={Halvorsen, K and Lesser, M and Lundberg, A},
  journal={Journal of biomechanics},
  volume={32},
  number={11},
  pages={1221},
  year={1999}
},

@article{gamage2002new,
  title={New least squares solutions for estimating the average centre of rotation and the axis of rotation},
  author={Gamage, Sahan S Hiniduma Udugama and Lasenby, Joan},
  journal={Journal of biomechanics},
  volume={35},
  number={1},
  pages={87--93},
  year={2002},
  publisher={Elsevier}
}


@article{hefzy1996review,
  title={Review of knee models: 1996 update},
  author={Hefzy, Mohamed Samir and Cooke, T Derek V},
  year={1996}
}

@ARTICLE{Least-Squares-Fitting,
author={K. S. {Arun} and T. S. {Huang} and S. D. {Blostein}},
journal={IEEE Transactions on Pattern Analysis and Machine Intelligence},
title={Least-Squares Fitting of Two 3-D Point Sets},
year={1987},
volume={PAMI-9},
number={5},
pages={698-700},
keywords={Economic indicators;Matrix decomposition;Singular value decomposition;Iterative algorithms;Motion estimation;Quaternions;Computer vision;Application software;Parameter estimation;Position measurement;Computer vision;least-squares;motion estimation;quaternion;singular value decomposition},
doi={10.1109/TPAMI.1987.4767965},
ISSN={1939-3539},
month={Sep.},}