@inproceedings{kajita2003biped,
  title={Biped walking pattern generation by using preview control of zero-moment point},
  author={Kajita, Shuuji and Kanehiro, Fumio and Kaneko, Kenji and Fujiwara, Kiyoshi and Harada, Kensuke and Yokoi, Kazuhito and Hirukawa, Hirohisa},
  booktitle={2003 IEEE International Conference on Robotics and Automation (Cat. No. 03CH37422)},
  volume={2},
  pages={1620--1626},
  year={2003},
  organization={IEEE}
},


@article{goldfarb2021towards,
  title={Towards Generalization of Bipedal Gait Cycle During Stair Climbing using Learning from Demonstration},
  author={Goldfarb, Nathaniel and Bales, Charles and Fischer, Gregory S},
  journal={IEEE Transactions on Medical Robotics and Bionics},
  year={2021},
  publisher={IEEE}
}
% @article{anthropomorphic,
% author = {Arbulu, M. and Kaynov, D. and Cab√°s Ormaechea, Luis Maria and Balaguer, C.},
% year = {2009},
% month = {12},
% pages = {301-344},
% title = {The Rh-1 Full-Size Humanoid Robot: Design, Walking Pattern Generation and Control},
% volume = {6},
% journal = {Applied Bionics and Biomechanics},
% doi = {10.1080/11762320903123575}
% },