@article{george2017cdc,
  title={CDC grand rounds: public health strategies to prevent and treat strokes},
  author={George, Mary G and Fischer, Leah and Koroshetz, Walter and Bushnell, Cheryl and Frankel, Michael and Foltz, Jennifer and Thorpe, Phoebe G},
  journal={MMWR. Morbidity and mortality weekly report},
  volume={66},
  number={18},
  pages={479},
  year={2017},
  publisher={Centers for Disease Control and Prevention}
}

@article{murphy2020stroke,
  title={Stroke: causes and clinical features},
  author={Murphy, Stephen JX and Werring, David J},
  journal={Medicine},
  year={2020},
  publisher={Elsevier}
},

@article{feigin2015update,
  title={Update on the global burden of ischemic and hemorrhagic stroke in 1990-2013: the GBD 2013 study},
  author={Feigin, Valery L and Krishnamurthi, Rita V and Parmar, Priya and Norrving, Bo and Mensah, George A and Bennett, Derrick A and Barker-Collo, Suzanne and Moran, Andrew E and Sacco, Ralph L and Truelsen, Thomas and others},
  journal={Neuroepidemiology},
  volume={45},
  number={3},
  pages={161--176},
  year={2015},
  publisher={Karger Publishers}
},

@article{saver2006time,
  title={Time is brainâ€”quantified},
  author={Saver, Jeffrey L},
  journal={Stroke},
  volume={37},
  number={1},
  pages={263--266},
  year={2006},
  publisher={Am Heart Assoc}
},

@article{perna2015rehabilitation,
  title={Rehabilitation outcomes: ischemic versus hemorrhagic strokes},
  author={Perna, Robert and Temple, Jessica},
  journal={Behavioural Neurology},
  volume={2015},
  year={2015},
  publisher={Hindawi}
}

@article{goyal2016endovascular,
  title={Endovascular therapy in acute ischemic stroke: challenges and transition from trials to bedside},
  author={Goyal, Mayank and Yu, Amy YX and Menon, Bijoy K and Dippel, Diederik WJ and Hacke, Werner and Davis, Stephen M and Fisher, Marc and Yavagal, Dileep R and Turjman, Francis and Ross, Jeffrey and others},
  journal={Stroke},
  volume={47},
  number={2},
  pages={548--553},
  year={2016},
  publisher={Am Heart Assoc}
},

@article{chang2013robot,
  title={Robot-assisted therapy in stroke rehabilitation},
  author={Chang, Won Hyuk and Kim, Yun-Hee},
  journal={Journal of stroke},
  volume={15},
  number={3},
  pages={174},
  year={2013},
  publisher={Korean Stroke Society}
},

@inproceedings{ho2011emg,
  title={An EMG-driven exoskeleton hand robotic training device on chronic stroke subjects: task training system for stroke rehabilitation},
  author={Ho, NSK and Tong, KY and Hu, XL and Fung, KL and Wei, XJ and Rong, W and Susanto, EA},
  booktitle={2011 IEEE international conference on rehabilitation robotics},
  pages={1--5},
  year={2011},
  organization={IEEE}
},

@article{pennycott2012towards,
  title={Towards more effective robotic gait training for stroke rehabilitation: a review},
  author={Pennycott, Andrew and Wyss, Dario and Vallery, Heike and Klamroth-Marganska, Verena and Riener, Robert},
  journal={Journal of neuroengineering and rehabilitation},
  volume={9},
  number={1},
  pages={1--13},
  year={2012},
  publisher={BioMed Central}
}